<?xml version="1.0" encoding="UTF-8"?><collection xmlns="http://www.loc.gov/MARC21/slim"><record><leader>00489nam--2200169-i-4500</leader><controlfield tag="001">000004159</controlfield><controlfield tag="002">20161230</controlfield><controlfield tag="005">20161230201025</controlfield><controlfield tag="008">060222s1000------------r-----000-0-eng-d</controlfield><datafield ind1=" " ind2=" " tag="040"><subfield code="a">IFIN-HH</subfield></datafield><datafield ind1=" " ind2=" " tag="080"><subfield code="a">519.271:537.591</subfield></datafield><datafield ind1="1" ind2=" " tag="100"><subfield code="a">Arley, N</subfield></datafield><datafield ind1="1" ind2="0" tag="245"><subfield code="a">On the theory of stochastic processes and their application to the theory of cosmic radiation</subfield><subfield code="c">Niels arley</subfield></datafield><datafield ind1=" " ind2=" " tag="260"><subfield code="a">New York</subfield><subfield code="b">John Wiley</subfield><subfield code="c">1943</subfield></datafield><datafield ind1=" " ind2=" " tag="300"><subfield code="a">VI + 240 P</subfield></datafield><datafield ind1=" " ind2=" " tag="852"><subfield code="a">693</subfield><subfield code="c">539.13</subfield></datafield><datafield ind1=" " ind2=" " tag="CAT"><subfield code="a">Sys</subfield><subfield code="c">20120222</subfield><subfield code="h">145617</subfield></datafield></record></collection>